@article{eum2022,
  title = {Peripheral visual information halves attentional choice bias},
  author = {Eum, Brenden and Dolbier, Stephanie and Rangel, Antonio},
  year = {2022},
  doi = {10.1038/s41562-022-01318-6}
}

@article{glickman2022,
  title = {Evidence Integration and Decision Confidence Are Modulated by Stimulus Consistency},
  author = {Glickman, Moshe and Moran, Rani and Usher, Marius},
  year = {2022},
  journal = {Nature Human Behaviour},
  doi = {10.1038/s41562-022-01318-6}
}

@article{tsetsos2016,
  title = {Economic Irrationality Is Optimal during Noisy Decision Making},
  author = {Tsetsos, Konstantinos and Moran, Rani and Moreland, James and Chater, Nick and Usher, Marius and Summerfield, Christopher},
  year = {2016},
  journal = {Proceedings of the National Academy of Sciences},
  volume = {113},
  number = {11},
  pages = {3102--3107},
  doi = {10.1073/pnas.1519157113}
}

@article{hawkins2015,
  title = {Revisiting the Evidence for Collapsing Boundaries and Urgency Signals in Perceptual Decision-Making},
  author = {Hawkins, G. E. and Forstmann, B. U. and Wagenmakers, E.-J. and Ratcliff, R. and Brown, S. D.},
  year = {2015},
  journal = {Journal of Neuroscience},
  volume = {35},
  number = {6},
  pages = {2476--2484},
  doi = {10.1523/JNEUROSCI.2410-14.2015}
}

@article{agranov2017,
  title = {Stochastic Choice and Preferences for Randomization},
  author = {Agranov, Marina and Ortoleva, Pietro},
  year = {2017},
  journal = {Journal of Political Economy},
  volume = {125},
  number = {1},
  pages = {40--68},
  doi = {10.1086/689774}
}

@article{shadlen2016,
  title = {Decision {{Making}} and {{Sequential Sampling}} from {{Memory}}},
  author = {Shadlen, Michael~N. and Shohamy, Daphna},
  year = {2016},
  journal = {Neuron},
  volume = {90},
  number = {5},
  pages = {927--939},
  doi = {10.1016/j.neuron.2016.04.036}
}

@article{kelly2013,
  title = {Internal and {{External Influences}} on the {{Rate}} of {{Sensory Evidence Accumulation}} in the {{Human Brain}}},
  author = {Kelly, S. P. and O'Connell, R. G.},
  year = {2013},
  journal = {Journal of Neuroscience},
  volume = {33},
  number = {50},
  pages = {19434--19441},
  doi = {10.1523/JNEUROSCI.3355-13.2013}
}

@techreport{vanede2022,
  type = {Preprint},
  title = {A Neural Decision Signal during Internal Sampling from Working Memory},
  author = {{van Ede}, Freek and Nobre, Anna C.},
  year = {2022},
  institution = {{Neuroscience}},
  doi = {10.1101/2022.03.31.486618}
}

@article{weilbacher2021,
  title = {The Influence of Visual Attention on Memory-Based Preferential Choice},
  author = {Weilb{\"a}cher, Regina Agnes and Krajbich, Ian and Rieskamp, J{\"o}rg and Gluth, Sebastian},
  year = {2021},
  journal = {Cognition},
  volume = {215},
  pages = {104804},
  doi = {10.1016/j.cognition.2021.104804}
}

@article{smith2018,
  title = {Attention and Choice across Domains.},
  author = {Smith, Stephanie M. and Krajbich, Ian},
  year = {2018},
  journal = {Journal of Experimental Psychology: General},
  volume = {147},
  number = {12},
  pages = {1810--1826},
  doi = {10.1037/xge0000482}
}

@article{tavares2017,
  title = {The {{Attentional Drift Diffusion Model}} of {{Simple Perceptual Decision-Making}}},
  author = {Tavares, Gabriela and Perona, Pietro and Rangel, Antonio},
  year = {2017},
  journal = {Frontiers in Neuroscience},
  volume = {11},
  pages = {468},
  doi = {10.3389/fnins.2017.00468}
}

@techreport{lombardi2021,
  type = {Preprint},
  title = {Piecewise Constant Averaging Methods Allow for Fast and Accurate Hierarchical {{Bayesian}} Estimation of Drift Diffusion Models with Time-Varying Evidence Accumulation Rates},
  author = {Lombardi, Gaia and Hare, Todd},
  year = {2021},
  doi = {10.31234/osf.io/5azyx}
}

@article{shinn2020,
  title = {A Flexible Framework for Simulating and Fitting Generalized Drift-Diffusion Models},
  author = {Shinn, Maxwell and Lam, Norman H and Murray, John D},
  year = {2020},
  journal = {eLife},
  volume = {9},
  pages = {e56938},
  doi = {10.7554/eLife.56938}
}
